<record><leader>00000cas a22000007a 4500</leader><controlfield tag="001">18922775</controlfield><controlfield tag="008">881219d19451966aludn ne      0    0eng d</controlfield><datafield ind1=" " ind2=" " tag="010"><subfield code="a">sn 88050237 </subfield></datafield><datafield ind1=" " ind2=" " tag="040"><subfield code="a">AAR</subfield><subfield code="b">eng</subfield><subfield code="c">AAR</subfield><subfield code="d">CPN</subfield><subfield code="d">NSD</subfield><subfield code="d">OCLCQ</subfield></datafield><datafield ind1=" " ind2=" " tag="042"><subfield code="a">msc</subfield></datafield><datafield ind1="0" ind2="0" tag="245"><subfield code="a">Talladega daily home and our mountain home.</subfield></datafield><datafield ind1="1" ind2="7" tag="246"><subfield code="a">Talladega daily home</subfield></datafield><datafield ind1=" " ind2=" " tag="260"><subfield code="a">Talladega, Ala. :</subfield><subfield code="b">L.C. Williams &amp; Tom Abernathy,</subfield><subfield code="c">1945-1966.</subfield></datafield><datafield ind1=" " ind2=" " tag="310"><subfield code="a">Daily (except Sat.),</subfield><subfield code="b">&lt;Nov. 27, 1960-Jan. 21, 1966&gt;</subfield></datafield><datafield ind1=" " ind2=" " tag="321"><subfield code="a">Daily (except Sun.),</subfield><subfield code="b">&lt;Mar. 6, 1945-Aug. 30, 1957&gt;</subfield></datafield><datafield ind1=" " ind2=" " tag="321"><subfield code="a">Daily (except Sat. &amp; Sun.),</subfield><subfield code="b">&lt;Sept. 2, 1957-Nov. 25, 1960&gt;</subfield></datafield><datafield ind1="0" ind2=" " tag="362"><subfield code="a">73d Year, no. 254 (Mar. 6, 1945)-98th year, no. 251 (Jan. 21, 1966).</subfield></datafield><datafield ind1=" " ind2=" " tag="515"><subfield code="a">Numbering is irregular.</subfield></datafield><datafield ind1=" " ind2=" " tag="752"><subfield code="a">United States</subfield><subfield code="b">Alabama</subfield><subfield code="c">Talladega</subfield><subfield code="d">Talladega.</subfield></datafield><datafield ind1="0" ind2=" " tag="775"><subfield code="t">Sunday home news</subfield><subfield code="w">(DLC)sn 88050238</subfield></datafield><datafield ind1="0" ind2="1" tag="780"><subfield code="t">Our mountain home</subfield><subfield code="w">(DLC)sn 84023593</subfield></datafield><datafield ind1="0" ind2="1" tag="780"><subfield code="t">Talladega daily home</subfield><subfield code="w">(DLC)sn 88050236</subfield></datafield><datafield ind1="0" ind2="5" tag="780"><subfield code="t">Talladega news</subfield><subfield code="w">(DLC)sn 88050239</subfield></datafield><datafield ind1="0" ind2="0" tag="785"><subfield code="t">Daily home</subfield><subfield code="x">1059-6461</subfield><subfield code="w">(DLC)sn 88050234</subfield></datafield></record>